@misc{PrakashLab,
	title = {PrakashLab},
	urldate = {2023-09-21},
        howpublished = "\url{https://web.stanford.edu/group/prakash-lab/cgi-bin/labsite/}",		
}

@misc{Foldscope,
	title = {Foldscope},
	urldate = {2023-09-21},
        howpublished = "\url{https://foldscope.com/}",		
}

@misc{FairScope,
	title = {FairScope},
	urldate = {2023-09-11},
        howpublished = "\url{https://www.fairscope.com/}",		
}

@misc{PlanktoScope,
	title = {PlanktoScope},
	urldate = {2023-09-11},
        howpublished = "\url{https://www.planktoscope.org/}",		
}

@misc{EcoTaxa,
	title = {{Picheral M, Colin S, Irisson J-O (2017). EcoTaxa, a tool for the taxonomic classification of images}},
	urldate = {2023-09-11},
        howpublished = "\url{https://ecotaxa.obs-vlfr.fr}",		
}

@article{pollina2022planktoscope,
  title={PlanktoScope: Affordable Modular Quantitative Imaging Platform for Citizen Oceanography},
  author={Pollina T and Larson AG and Lombard F and Li H and Le Guen D and Colin S and de Vargas C and Prakash M},
  journal={Frontiers In Marine Science},
  volume={9},
  doi={10.3389/fmars.2022.949428},
  url={https://doi.org/10.3389/fmars.2022.949428},
  year={2022},
  publisher={Frontiers}
}

@article{dai2023blooms,
  title={Coastal phytoplankton blooms expand and intensify in the 21st century},
  author={Dai, Y. and Yang, S. and Zhao, D. and others},
  journal={Nature},
  volume={615},
  pages={280–284},
  doi={10.1038/s41586-023-05760-y},
  url={https://doi.org/10.1038/s41586-023-05760-y},
  year={2023},
}

@article{keceli2017radiolarian,
title = {Classification of radiolarian images with hand-crafted and deep features},
journal = {Computers & Geosciences},
volume = {109},
pages = {67-74},
year = {2017},
issn = {0098-3004},
doi = {https://doi.org/10.1016/j.cageo.2017.08.011},
url = {https://www.sciencedirect.com/science/article/pii/S0098300417302133},
author = {Ali Seydi Keçeli and Aydın Kaya and Seda Uzunçimen Keçeli},
keywords = {Deep learning, Image features, Radiolarian image, Pattern classification},
}

@inproceedings{wahid2018bacteria,
author = {Wahid, Md and Ahmed, Tasnim and Habib, Md. Ahsan},
year = {2018},
month = {12},
pages = {217-220},
title = {Classification of Microscopic Images of Bacteria Using Deep Convolutional Neural Network},
doi = {10.1109/ICECE.2018.8636750}
}

@inproceedings{treebupachatsakul2020microorganism,
author = {Treebupachatsakul, Treesukon and Poomrittigul, Suvit},
year = {2020},
month = {01},
pages = {1-5},
title = {Microorganism Image Recognition based on Deep Learning Application},
doi = {10.1109/ICEIC49074.2020.9051009}
}

@inproceedings{ahmed2019bacteria,
author = {Ahmed, Tasnim and Wahid, Md and Hasan, Md Jahid},
year = {2019},
month = {02},
pages = {1-5},
title = {Combining Deep Convolutional Neural Network with Support Vector Machine to Classify Microscopic Bacteria Images},
doi = {10.1109/ECACE.2019.8679397}
}

@inproceedings{zhong2017foraminifera,
author = {Zhong, Boxuan and Ge, Qian and Kanakiya, Bhargav and Marchitto, Ritayan and Lobaton, Edgar},
year = {2017},
month = {11},
pages = {1-8},
title = {A comparative study of image classification algorithms for Foraminifera identification},
doi = {10.1109/SSCI.2017.8285164}
}

@article{mitra2019foraminifera,
author = {Mitra, Ritayan and Marchitto, Tom and Ge, Q. and Zhong, Boxuan and Kanakiya, B. and Cook, M.S. and Fehrenbacher, J.S. and Ortiz, J.D. and Tripati, A. and Lobaton, E.},
year = {2019},
month = {03},
pages = {},
title = {Automated species-level identification of planktic foraminifera using convolutional neural networks, with comparison to human performance},
volume = {147},
journal = {Marine Micropaleontology},
doi = {10.1016/j.marmicro.2019.01.005}
}

@Article{jin2021cell,
AUTHOR = {Jin, Xin and Zou, Yuanwen and Huang, Zhongbing},
TITLE = {An Imbalanced Image Classification Method for the Cell Cycle Phase},
JOURNAL = {Information},
VOLUME = {12},
YEAR = {2021},
NUMBER = {6},
ARTICLE-NUMBER = {249},
URL = {https://www.mdpi.com/2078-2489/12/6/249},
ISSN = {2078-2489},
}

@misc{jetley2018attention,
      title={Learn To Pay Attention}, 
      author={Saumya Jetley and Nicholas A. Lord and Namhoon Lee and Philip H. S. Torr},
      year={2018},
      eprint={1804.02391},
      archivePrefix={arXiv},
      primaryClass={cs.CV},
      url={https://arxiv.org/abs/1804.02391}, 
}

@InProceedings{yan2019attention,
author="Yan, Yiqi
and Kawahara, Jeremy
and Hamarneh, Ghassan",
editor="Chung, Albert C. S.
and Gee, James C.
and Yushkevich, Paul A.
and Bao, Siqi",
title="Melanoma Recognition via Visual Attention",
booktitle="Information Processing in Medical Imaging",
year="2019",
publisher="Springer International Publishing",
address="Cham",
pages="793--804",
isbn="978-3-030-20351-1"
}

@misc{Larva,
	title = {{FairScope x CAPENA - LARVA}},
	urldate = {2024-04-28},
        howpublished = "\url{https://ecotaxa.obs-vlfr.fr/gui/prj/12053}",	
}

@misc{Natural,
	title = {{FAIRSCOPE X CAPENA - Naturel}},
	urldate = {2024-05-22},
        howpublished = "\url{https://ecotaxa.obs-vlfr.fr/gui/prj/12752}",	
}

@misc{tan2021efficientnetv2,
      title={EfficientNetV2: Smaller Models and Faster Training}, 
      author={Mingxing Tan and Quoc V. Le},
      year={2021},
      eprint={2104.00298},
      archivePrefix={arXiv},
      primaryClass={cs.CV},
      url={https://arxiv.org/abs/2104.00298}, 
}

@misc{he2015resnet,
      title={Deep Residual Learning for Image Recognition}, 
      author={Kaiming He and Xiangyu Zhang and Shaoqing Ren and Jian Sun},
      year={2015},
      eprint={1512.03385},
      archivePrefix={arXiv},
      primaryClass={cs.CV},
      url={https://arxiv.org/abs/1512.03385}, 
}

@misc{huang2018densenet,
      title={Densely Connected Convolutional Networks}, 
      author={Gao Huang and Zhuang Liu and Laurens van der Maaten and Kilian Q. Weinberger},
      year={2018},
      eprint={1608.06993},
      archivePrefix={arXiv},
      primaryClass={cs.CV},
      url={https://arxiv.org/abs/1608.06993}, 
}
